<collection>
<record>
<leader>05483cpcaa22009977a 4500</leader>
<controlfield tag="001">13830695</controlfield>
<controlfield tag="005">20180703102807.0</controlfield>
<controlfield tag="008">050104i19391969dcu eng </controlfield>
<datafield ind1=" " ind2=" " tag="906">
<subfield code="a">7</subfield>
<subfield code="b">cbc</subfield>
<subfield code="c">orignew</subfield>
<subfield code="d">u</subfield>
<subfield code="e">ncip</subfield>
<subfield code="f">20</subfield>
<subfield code="g">y-folklife</subfield>
</datafield>
<datafield ind1=" " ind2=" " tag="955">
<subfield code="a">mkru 2005-01-04; mkru 2005-07-13</subfield>
</datafield>
<datafield ind1=" " ind2=" " tag="010">
<subfield code="a"> 2005700200</subfield>
</datafield>
<datafield ind1=" " ind2=" " tag="040">
<subfield code="a">DLC</subfield>
<subfield code="c">DLC</subfield>
<subfield code="e">dacs</subfield>
<subfield code="d">DLC</subfield>
</datafield>
<datafield ind1="0" ind2=" " tag="041">
<subfield code="a">eng</subfield>
<subfield code="d">eng</subfield>
<subfield code="d">spa</subfield>
<subfield code="d">mul</subfield>
</datafield>
<datafield ind1=" " ind2=" " tag="043">
<subfield code="a">n-us---</subfield>
<subfield code="a">n-mx---</subfield>
</datafield>
<datafield ind1=" " ind2=" " tag="090">
<subfield code="a">IDB 40185-40362; IDC 43803-43904</subfield>
</datafield>
<datafield ind1=" " ind2=" " tag="090">
<subfield code="a">
RXD 4418-4449; RXD 5546-5613; RXD 5651-5650; RXD 5681-5717; RXD 5812-5959; RXD 5965; RXD 5974-5975; RXD 5977-5994
</subfield>
</datafield>
<datafield ind1=" " ind2=" " tag="090">
<subfield code="a">
RXE 3420-3421; RXE 3425; RXE 3443; RXE 3448-3451; RXE 3466; RXE 3469-3473; RXE 3477-3478; RXE 3480-3481; RXE 3485-3486; RXE 3493; RXE 3497-3498
</subfield>
</datafield>
<datafield ind1=" " ind2=" " tag="090">
<subfield code="a">AFC 1999/004</subfield>
</datafield>
<datafield ind1="0" ind2="0" tag="245">
<subfield code="a">Sam Eskin collection,</subfield>
<subfield code="f">1939-1969 /</subfield>
<subfield code="c">collected by Sam Eskin.</subfield>
</datafield>
<datafield ind1=" " ind2=" " tag="300">
<subfield code="3">manuscripts</subfield>
<subfield code="a">16,568 items.</subfield>
</datafield>
<datafield ind1=" " ind2=" " tag="300">
<subfield code="3">sound recordings</subfield>
<subfield code="a">279 sound discs :</subfield>
<subfield code="b">analog ;</subfield>
<subfield code="c">various sizes.</subfield>
</datafield>
<datafield ind1=" " ind2=" " tag="300">
<subfield code="3">sound recordings</subfield>
<subfield code="a">436 sound tape reels :</subfield>
<subfield code="b">analog, various speeds ;</subfield>
<subfield code="c">7 in. and smaller.</subfield>
</datafield>
<datafield ind1=" " ind2=" " tag="300">
<subfield code="3">graphic materials</subfield>
<subfield code="a">50 photographs :</subfield>
<subfield code="b">photographic prints, negatives, b and w, col. ;</subfield>
<subfield code="c">various sizes.</subfield>
</datafield>
<datafield ind1=" " ind2=" " tag="300">
<subfield code="3">graphic materials</subfield>
<subfield code="a">7 postcards.</subfield>
</datafield>
<datafield ind1=" " ind2=" " tag="300">
<subfield code="a">1 computer disk (100 MB) ;</subfield>
<subfield code="c">4 1/2 in.</subfield>
</datafield>
<datafield ind1=" " ind2=" " tag="351">
<subfield code="a">
Organized by format into the following series: I. Manuscript Materials; II. Sound Recordings; III. Graphic Images; IV. Electronic Media.
</subfield>
</datafield>
<datafield ind1=" " ind2=" " tag="520">
<subfield code="a">
Collection consists of manuscripts, field recordings, photographs, and ephemera documenting folk music and folk music revivals in the United States, Canada, and Mexico from 1938 to 1966; plus manuscripts and field recordings of mostly unidentified artists performing folk music in Jamaica, Cuba, England, Scotland, Ireland, Spain, Sweden, Israel, Lebanon, Syria, Morocco, Hong Kong, Philippines, India, and Thailand from 1953 to 1969 collected by Sam Eskin. Manuscript materials include correspondence, transcriptions of songs and lyrics, folk festival programs and flyers, a Japanese song book, Eskin's lecture notes, and his collection of bawdy songs and limericks.
</subfield>
</datafield>
<datafield ind1="8" ind2=" " tag="524">
<subfield code="a">
Sam Eskin Collection (AFC 1999/004), Archive of Folk Culture, American Folklife Center, Library of Congress, Washington, D.C.
</subfield>
</datafield>
<datafield ind1="1" ind2=" " tag="506">
<subfield code="a">
Access restrictions apply, some content stored offsite; before requesting materials please contact the Folklife Reading Room at 202 707 5510; folklife@loc.gov
</subfield>
</datafield>
<datafield ind1=" " ind2=" " tag="540">
<subfield code="a">
Duplication of the collection materials may be governed by copyright and other restrictions.
</subfield>
</datafield>
<datafield ind1=" " ind2=" " tag="541">
<subfield code="a">New York State Historical Association ;</subfield>
<subfield code="c">Transfer;</subfield>
<subfield code="d">1999.</subfield>
</datafield>
<datafield ind1=" " ind2=" " tag="545">
<subfield code="a">
Sam Eskin was born in Washington, D.C., July 5, 1898; self-educated folklorist and folk music collector, d. 1974.
</subfield>
</datafield>
<datafield ind1=" " ind2=" " tag="546">
<subfield code="3">Manuscripts:</subfield>
<subfield code="a">in English.</subfield>
</datafield>
<datafield ind1=" " ind2=" " tag="546">
<subfield code="3">Sound recordings:</subfield>
<subfield code="a">in English, Spanish, and multiple other languages.</subfield>
</datafield>
<datafield ind1="0" ind2=" " tag="555">
<subfield code="a">
Finding aid is available in the Folklife Reading Room, Library of Congress, and online via the American Folklife Center web pages.
</subfield>
</datafield>
<datafield ind1=" " ind2=" " tag="561">
<subfield code="a">
Sam Eskin donated his field recordings and commercial recordings to the Cooperstown Graduate Program in Cooperstown, N.Y.; his papers were donated to Cooperstown by his family in 1979.
</subfield>
</datafield>
<datafield ind1="1" ind2="0" tag="600">
<subfield code="a">Eskin, Sam</subfield>
<subfield code="x">Ethnomusicological collections.</subfield>
</datafield>
<datafield ind1="1" ind2="0" tag="600">
<subfield code="a">Eskin, Sam</subfield>
<subfield code="v">Correspondence.</subfield>
</datafield>
<datafield ind1="1" ind2="0" tag="600">
<subfield code="a">Eskin, Sam</subfield>
<subfield code="x">Written works.</subfield>
</datafield>
<datafield ind1=" " ind2="0" tag="650">
<subfield code="a">Folk music</subfield>
<subfield code="z">United States.</subfield>
</datafield>
<datafield ind1=" " ind2="0" tag="650">
<subfield code="a">Folk songs, English</subfield>
<subfield code="z">United States.</subfield>
</datafield>
<datafield ind1=" " ind2="0" tag="650">
<subfield code="a">Folk music</subfield>
<subfield code="z">Mexico.</subfield>
</datafield>
<datafield ind1=" " ind2="0" tag="650">
<subfield code="a">Mariachi</subfield>
<subfield code="z">Mexico.</subfield>
</datafield>
<datafield ind1=" " ind2="0" tag="650">
<subfield code="a">Folk music</subfield>
<subfield code="z">Jamaica.</subfield>
</datafield>
<datafield ind1=" " ind2="0" tag="650">
<subfield code="a">Folk music</subfield>
<subfield code="z">Israel.</subfield>
</datafield>
<datafield ind1=" " ind2="0" tag="650">
<subfield code="a">Folk music</subfield>
<subfield code="z">Canada.</subfield>
</datafield>
<datafield ind1=" " ind2="0" tag="650">
<subfield code="a">Folk music</subfield>
<subfield code="z">Ireland.</subfield>
</datafield>
<datafield ind1=" " ind2="0" tag="650">
<subfield code="a">Folk music</subfield>
<subfield code="z">Cuba.</subfield>
</datafield>
<datafield ind1=" " ind2="0" tag="650">
<subfield code="a">Folk songs</subfield>
<subfield code="z">Japan.</subfield>
</datafield>
<datafield ind1=" " ind2="0" tag="650">
<subfield code="a">Ballads, English</subfield>
<subfield code="z">United States.</subfield>
</datafield>
<datafield ind1=" " ind2="0" tag="650">
<subfield code="a">Bawdy songs</subfield>
<subfield code="z">United States.</subfield>
</datafield>
<datafield ind1=" " ind2="0" tag="650">
<subfield code="a">Love songs</subfield>
<subfield code="z">United States.</subfield>
</datafield>
<datafield ind1=" " ind2="0" tag="650">
<subfield code="a">Folk festivals</subfield>
<subfield code="z">United States.</subfield>
</datafield>
<datafield ind1=" " ind2="0" tag="650">
<subfield code="a">Folk singers</subfield>
<subfield code="z">United States</subfield>
<subfield code="v">Correspondence.</subfield>
</datafield>
<datafield ind1=" " ind2="0" tag="650">
<subfield code="a">Flamenco music</subfield>
<subfield code="z">Spain.</subfield>
</datafield>
<datafield ind1=" " ind2="0" tag="650">
<subfield code="a">Calypso (Music)</subfield>
<subfield code="z">Jamaica.</subfield>
</datafield>
<datafield ind1=" " ind2="0" tag="650">
<subfield code="a">Children's songs, English</subfield>
<subfield code="z">United States.</subfield>
</datafield>
<datafield ind1=" " ind2="0" tag="650">
<subfield code="a">Cowboys</subfield>
<subfield code="z">United States</subfield>
<subfield code="v">Songs and music.</subfield>
</datafield>
<datafield ind1=" " ind2="0" tag="650">
<subfield code="a">Loggers</subfield>
<subfield code="z">United States</subfield>
<subfield code="v">Songs and music.</subfield>
</datafield>
<datafield ind1=" " ind2="0" tag="650">
<subfield code="a">Miners</subfield>
<subfield code="z">United States</subfield>
<subfield code="v">Songs and music.</subfield>
</datafield>
<datafield ind1=" " ind2="0" tag="650">
<subfield code="a">Work songs</subfield>
<subfield code="z">United States.</subfield>
</datafield>
<datafield ind1=" " ind2="0" tag="650">
<subfield code="a">Sea songs</subfield>
<subfield code="z">United States.</subfield>
</datafield>
<datafield ind1=" " ind2="0" tag="650">
<subfield code="a">Spirituals (Songs)</subfield>
<subfield code="z">United States.</subfield>
</datafield>
<datafield ind1=" " ind2="0" tag="650">
<subfield code="a">Limericks.</subfield>
</datafield>
<datafield ind1=" " ind2="0" tag="650">
<subfield code="a">Bawdy poetry, American.</subfield>
</datafield>
<datafield ind1=" " ind2="0" tag="650">
<subfield code="a">Bawdy songs</subfield>
<subfield code="z">United States</subfield>
<subfield code="v">Texts.</subfield>
</datafield>
<datafield ind1=" " ind2="0" tag="650">
<subfield code="a">Jews</subfield>
<subfield code="z">Israel</subfield>
<subfield code="v">Music.</subfield>
</datafield>
<datafield ind1=" " ind2="0" tag="650">
<subfield code="a">Wedding music</subfield>
<subfield code="z">Israel.</subfield>
</datafield>
<datafield ind1=" " ind2="0" tag="650">
<subfield code="a">African Americans</subfield>
<subfield code="v">Music.</subfield>
</datafield>
<datafield ind1=" " ind2="0" tag="650">
<subfield code="a">Folk songs, English</subfield>
<subfield code="z">United States</subfield>
<subfield code="v">Texts.</subfield>
</datafield>
<datafield ind1=" " ind2="0" tag="650">
<subfield code="a">Children's songs, English</subfield>
<subfield code="z">United States</subfield>
<subfield code="v">Texts.</subfield>
</datafield>
<datafield ind1=" " ind2="0" tag="650">
<subfield code="a">Ballads, English</subfield>
<subfield code="z">United States</subfield>
<subfield code="v">Texts.</subfield>
</datafield>
<datafield ind1=" " ind2="0" tag="650">
<subfield code="a">Folk songs</subfield>
<subfield code="z">United States</subfield>
<subfield code="x">History and criticism.</subfield>
</datafield>
<datafield ind1=" " ind2="7" tag="655">
<subfield code="a">Manuscripts.</subfield>
<subfield code="2">aat</subfield>
</datafield>
<datafield ind1=" " ind2="7" tag="655">
<subfield code="a">Correspondence.</subfield>
<subfield code="2">aat</subfield>
</datafield>
<datafield ind1=" " ind2="7" tag="655">
<subfield code="a">Lecture notes.</subfield>
<subfield code="2">aat</subfield>
</datafield>
<datafield ind1=" " ind2="7" tag="655">
<subfield code="a">Sound recordings.</subfield>
<subfield code="2">aat</subfield>
</datafield>
<datafield ind1=" " ind2="7" tag="655">
<subfield code="a">Photographic prints.</subfield>
<subfield code="2">aat</subfield>
</datafield>
<datafield ind1=" " ind2="7" tag="655">
<subfield code="a">Programs.</subfield>
<subfield code="2">aat</subfield>
</datafield>
<datafield ind1=" " ind2="7" tag="655">
<subfield code="a">Field recordings.</subfield>
<subfield code="2">lcgft</subfield>
</datafield>
<datafield ind1=" " ind2="7" tag="655">
<subfield code="a">Clippings.</subfield>
<subfield code="2">lctgm</subfield>
</datafield>
<datafield ind1="1" ind2=" " tag="700">
<subfield code="a">Eskin, Sam,</subfield>
<subfield code="e">collector.</subfield>
</datafield>
<datafield ind1=" " ind2=" " tag="852">
<subfield code="a">DLC-AFC</subfield>
<subfield code="b">Archive of Folk Culture, American Folklife Center,</subfield>
<subfield code="e">
101 Independence Ave. S.E., Washington, DC USA 20540-4610
</subfield>
</datafield>
<datafield ind1="4" ind2="2" tag="856">
<subfield code="3">Finding aid</subfield>
<subfield code="u">http://hdl.loc.gov/loc.afc/eadafc.af007001</subfield>
</datafield>
<datafield ind1=" " ind2=" " tag="985">
<subfield code="a">afc/ead</subfield>
</datafield>
<datafield ind1=" " ind2=" " tag="985">
<subfield code="a">afc/coll </subfield>
</datafield>
</record>
</collection>